<record><leader>00000cas a2200000 a 4500</leader><controlfield tag="001">63149084</controlfield><controlfield tag="006">m     o  d        </controlfield><controlfield tag="007">cr mn|||||||||</controlfield><controlfield tag="008">060124c19929999mnuqr nso     0    0eng  </controlfield><datafield ind1=" " ind2=" " tag="010"><subfield code="a">  2006220157</subfield></datafield><datafield ind1=" " ind2=" " tag="040"><subfield code="a">AGL</subfield><subfield code="b">eng</subfield><subfield code="c">AGL</subfield><subfield code="d">AGL</subfield><subfield code="d">OCLCQ</subfield><subfield code="d">OCLCF</subfield></datafield><datafield ind1="1" ind2=" " tag="029"><subfield code="a">AU@</subfield><subfield code="b">000040188455</subfield></datafield><datafield ind1=" " ind2=" " tag="042"><subfield code="a">pcc</subfield></datafield><datafield ind1=" " ind2=" " tag="043"><subfield code="a">n-us-mn</subfield></datafield><datafield ind1="0" ind2=" " tag="070"><subfield code="a">S494.5.I5</subfield><subfield code="b">A45</subfield></datafield><datafield ind1=" " ind2="0" tag="072"><subfield code="a">C210</subfield></datafield><datafield ind1="0" ind2=" " tag="130"><subfield code="a">Ag innovation news (Online)</subfield></datafield><datafield ind1="1" ind2="0" tag="245"><subfield code="a">Ag innovation news</subfield><subfield code="h">[electronic resource] :</subfield><subfield code="b">the newspaper of the Agricultural Utilization Research Institute.</subfield></datafield><datafield ind1="1" ind2="7" tag="246"><subfield code="a">AURI ag innovation news</subfield></datafield><datafield ind1=" " ind2=" " tag="260"><subfield code="a">Waseca, MN :</subfield><subfield code="b">Agricultural Utilization Research Institute</subfield></datafield><datafield ind1=" " ind2=" " tag="310"><subfield code="a">Quarterly</subfield></datafield><datafield ind1="1" ind2=" " tag="362"><subfield code="a">Print began with vol. 1, no. 1 (Jan. 1992).</subfield></datafield><datafield ind1=" " ind2=" " tag="530"><subfield code="a">Also issued in print.</subfield></datafield><datafield ind1=" " ind2=" " tag="538"><subfield code="a">Mode of access: World Wide Web.</subfield></datafield><datafield ind1=" " ind2=" " tag="580"><subfield code="a">Complimented by: Ag innovation update.</subfield></datafield><datafield ind1=" " ind2=" " tag="588"><subfield code="a">Description based on: Vol. 6, no. 3 (July 1997); title from caption of Web page (viewed Jan. 24, 2006).</subfield></datafield><datafield ind1=" " ind2=" " tag="588"><subfield code="a">Latest issue consulted: Vol. 15, no. 1 (Jan.-Mar. 2006) (viewed Feb. 14, 2006).</subfield></datafield><datafield ind1=" " ind2="0" tag="650"><subfield code="a">Agricultural innovations</subfield><subfield code="v">Newspapers.</subfield></datafield><datafield ind1=" " ind2="0" tag="650"><subfield code="a">Agricultural innovations</subfield><subfield code="z">Minnesota</subfield><subfield code="v">Newspapers.</subfield></datafield><datafield ind1="2" ind2="0" tag="610"><subfield code="a">Agricultural Utilization Research Institute (Minn.)</subfield><subfield code="v">Newspapers.</subfield></datafield><datafield ind1=" " ind2="7" tag="655"><subfield code="a">Newspapers.</subfield><subfield code="2">fast</subfield><subfield code="0">(OCoLC)fst01423814</subfield></datafield><datafield ind1="2" ind2="7" tag="610"><subfield code="a">Agricultural Utilization Research Institute (Minn.)</subfield><subfield code="2">fast</subfield><subfield code="0">(OCoLC)fst00684225</subfield></datafield><datafield ind1=" " ind2="7" tag="650"><subfield code="a">Agricultural innovations.</subfield><subfield code="2">fast</subfield><subfield code="0">(OCoLC)fst00800915</subfield></datafield><datafield ind1=" " ind2="7" tag="651"><subfield code="a">Minnesota.</subfield><subfield code="2">fast</subfield><subfield code="0">(OCoLC)fst01204560</subfield></datafield><datafield ind1="2" ind2=" " tag="710"><subfield code="a">Agricultural Utilization Research Institute (Minn.)</subfield></datafield><datafield ind1="1" ind2=" " tag="776"><subfield code="t">Ag innovation news</subfield><subfield code="w">(OCoLC)26514408</subfield></datafield><datafield ind1="1" ind2=" " tag="787"><subfield code="t">Ag innovation update</subfield><subfield code="w">(OCoLC)63669525</subfield></datafield><datafield ind1="4" ind2="0" tag="856"><subfield code="z">Current</subfield><subfield code="u">http://www.auri.org/</subfield></datafield></record>